@article{Mckay:2010,
 author = {Mckay, Robert I. and Hoai, Nguyen Xuan and Whigham, Peter Alexander and Shan, Yin and O'Neill, Michael},
 title = {Grammar-based Genetic Programming: a survey},
 journal = {Genetic Programming and Evolvable Machines},
 volume = {11},
 issue = {3-4},
 month = {September},
 year = {2010},
 issn = {1389-2576},
 pages = {365--396},
 numpages = {32},
 url = {http://dx.doi.org/10.1007/s10710-010-9109-y},
 doi = {http://dx.doi.org/10.1007/s10710-010-9109-y},
 acmid = {1831237},
 publisher = {Kluwer Academic Publishers},
 address = {Hingham, MA, USA},
 keywords = {Context free, Evolutionary computation, Genetic programming, Grammar, Regular, Tree adjoining},
}

@INPROCEEDINGS{Pasias:2004,
author={Pasias, V. and Karras, D.A. and Papademetriou, R.C.},
booktitle={Neural Networks, 2004. Proceedings. 2004 IEEE International Joint Conference on},
title={Traffic engineering in multi-service networks comparing genetic and simulated annealing optimization techniques},
year={2004},
volume={3},
pages={2325-2330 vol.3},
keywords={IP networks;constraint handling;constraint theory;genetic algorithms;linear programming;quality of service;simulated annealing;telecommunication network topology;telecommunication traffic;LP based optimisation method;constraint problems;genetic algorithms;genetic optimization;heuristic traffic engineering algorithm;linear constraints;linear cost functions;linear programming;multiservice networks;network topology;numerical optimisation;numerical test;offline traffic engineering problem;simulated annealing;Constraint optimization;Genetic algorithms;Genetic engineering;Heuristic algorithms;Network topology;Optimization methods;Simulated annealing;Telecommunication traffic;Tellurium;Traffic control},
doi={10.1109/IJCNN.2004.1380989},
ISSN={1098-7576},}

@INPROCEEDINGS{Jingwen:2009,
author={Jingwen Tian and Meijuan Gao},
booktitle={Software Engineering, 2009. WCSE '09. WRI World Congress on},
title={Soft Measurement Modeling Based on Improved Simulated Annealing Neural Network for Sewage Treatment},
year={2009},
volume={2},
pages={486-489},
keywords={learning systems;neurocontrollers;nonlinear control systems;process control;sewage treatment;simulated annealing;water quality;Powell algorithm;nonlinear system;reserve mechanism;sewage treatment parameter information learning;sewage treatment process;sewage treatment quality;simulated annealing mixed optimize algorithm;simulated annealing neural network training;soft measurement modeling;Board of Directors;Cities and towns;Convergence;Iterative algorithms;Neural networks;Nonlinear systems;Sewage treatment;Simulated annealing;Software measurement;Time measurement;modeling;neural network;sewage treatment;simulated annealing algorithm;soft measurement},
doi={10.1109/WCSE.2009.207},}

@INPROCEEDINGS{Zimmerman:2007,
author={Zimmerman, A.T. and Lynch, J.P.},
booktitle={Mobile Data Management, 2007 International Conference on},
title={Parallelized Simulated Annealing for Model Updating in Ad-Hoc Wireless Sensing Networks},
year={2007},
pages={341-345},
keywords={ad hoc networks;simulated annealing;wireless sensor networks;Navy ship-board chilled water system;ad-hoc wireless sensing network;distributed model updating technique;simulated annealing;wireless sensor prototype;Analytical models;Computational modeling;Computer networks;Embedded computing;Monitoring;Power engineering and energy;Power engineering computing;Sensor systems;Simulated annealing;Wireless sensor networks},
doi={10.1109/MDM.2007.72},}

@INPROCEEDINGS{Naifeng:2011,
author={Naifeng Jing and Ju-Yueh Lee and Weifeng He and Zhigang Mao and Lei He},
booktitle={Computer-Aided Design (ICCAD), 2011 IEEE/ACM International Conference on},
title={Mitigating FPGA interconnect soft errors by in-place LUT inversion},
year={2011},
pages={582-586},
keywords={SRAM chips;circuit optimisation;computational complexity;field programmable gate arrays;integer programming;integrated circuit interconnections;linear programming;multiplexing equipment;simulated annealing;table lookup;FPGA interconnect soft error mitigation;IPV problem;MCNC combinational benchmarks;NP-hardness problem;SRAM-based FPGA;binary integer linear programming;chip level SER reduction;field programmable gate arrays;in-place LUT inversion;in-placed inversion;in-placed logic re-synthesis;look-up table logic polarity;multiplexer-based FPGA routing;multiplexer-based unidirectional routing;simulated annealing;soft error rate;Algorithm design and analysis;Circuit faults;Field programmable gate arrays;Integrated circuit interconnections;Routing;Runtime;Table lookup;Fault Mitigation;Interconnect;Logic Polarity;Logic Re-synthesis;Routing;SER;SRAM-based FPGA;Soft Errors},
doi={10.1109/ICCAD.2011.6105389},
ISSN={1092-3152},}

@ARTICLE{Chen:1998,
author={Chen, H. and Flann, N.S. and Watson, D.W.},
journal={Parallel and Distributed Systems, IEEE Transactions on},
title={Parallel genetic simulated annealing: a massively parallel SIMD algorithm},
year={1998},
volume={9},
number={2},
pages={126-136},
keywords={genetic algorithms;parallel algorithms;simulated annealing;Genetic Simulated Annealing;genetic algorithms;optimization;parallelization;simulated annealing;Cities and towns;Computational modeling;Computer Society;Design optimization;Error correction codes;Genetic algorithms;Optimization methods;Parallel architectures;Simulated annealing;Temperature},
doi={10.1109/71.663870},
ISSN={1045-9219},}

@article{DaiChen:2013,
	author = {Chen Dai and Chao Lv and Jiaxin Li and Weihua Zhang and Binyu Zang},
	title = {Understanding Architectural Characteristics of Multimedia Retrival Workloads},
	journal = {SIGMETRICS},
    pages = {377--378},
	month = {June},
	year = {2013},
}

@INPROCEEDINGS{Hiroyasu:2010,
author={Hiroyasu, T. and Tomatsu, Y. and Nakao, M. and Mitsunori, M. and Yokouchi, H. and Yoshimi, M.},
booktitle={World Automation Congress (WAC), 2010},
title={Simulated annealing with search mechanisms of interpolation and extrapolatolation domain},
year={2010},
pages={1-6},
keywords={evolutionary computation;extrapolation;interpolation;search problems;simulated annealing;continuous optimization;evolutionary computation;extrapolation search method;interpolation search method;simulated annealing;Accuracy;Algorithm design and analysis;Extrapolation;Hypercubes;Interpolation;Simulated annealing},
ISSN={2154-4824},}

@misc{Lester:2013,
title={Lester Ingber Research (LIR) },
author={Lester Ingber},
year={2013},
howpublished={http://www.ingber.com/\verb"#"ASA},
}

@misc{Matlab:2009,
title={Minimization Using Simulated Annealing Algorithm},
author={The MathWorks, Inc.},
howpublished={http://affect.media.mit.edu/projectpages/},
year={2009},
}

@INPROCEEDINGS{Garcia:2009,
author={Garcia-Martinez, C. and Lozano, M.},
booktitle={Evolutionary Computation, 2009. CEC '09. IEEE Congress on},
title={Simulated annealing based on local genetic search},
year={2009},
pages={2569-2576},
keywords={genetic algorithms;search problems;simulated annealing;acceptance criterion;cooling scheme concepts;evolutionary algorithms;fitness values;local genetic search;simulated annealing;Artificial intelligence;Computer science;Cooling;Evolutionary computation;Genetic algorithms;Genetic mutations;Proposals;Search methods;Simulated annealing;Temperature},
doi={10.1109/CEC.2009.4983264},}

@INPROCEEDINGS{Ribas:2006,
author={Ribas, L.V.M. and Goncalves, R.A.L.},
booktitle={Parallel, Distributed, and Network-Based Processing, 2006. PDP 2006. 14th Euromicro International Conference on},
title={Evaluating branch prediction using two-level perceptron table},
year={2006},
pages={4 pp.-},
keywords={multilayer perceptrons;parallel architectures;branch prediction evaluation;commercial processors;instruction level parallelism;intelligent branch prediction;neural networks;superscalar architecture;two-level perceptron table;Artificial neural networks;Biological system modeling;Counting circuits;History;Intelligent networks;Neural networks;Neurons;Pipelines;Predictive models;Process design},
doi={10.1109/PDP.2006.34},
ISSN={1066-6192},}

@book{John:2006,
author={John L. Hennessy and David A. Patterson},
title={Computer Architecture: A Quantitative Approach},
publisher={Elsevier Inc.},
year={2006},
}
